@ARTICLE{Loebman2012,
   author = {{Loebman}, S.~R. and {Ivezi{c}}, {v Z}. and {Quinn}, T.~R. and 
	{Governato}, F. and {Brooks}, A.~M. and {Christensen}, C.~R. and 
	{Juri{c}}, M.},
    title = "{Constraints on the Shape of the Milky Way Dark Matter Halo from Jeans Equations Applied to Sloan Digital Sky Survey Data}",
  journal = {APJL},
archivePrefix = "arXiv",
   eprint = {1209.2708},
 keywords = {Galaxy: general, Galaxy: halo, Galaxy: kinematics and dynamics, Galaxy: structure, stars: kinematics and dynamics, stars: statistics},
     year = 2012,
    month = oct,
   volume = 758,
      eid = {L23},
    pages = {L23},
      doi = {10.1088/2041-8205/758/1/L23},
   adsurl = {http://adsabs.harvard.edu/abs/2012ApJ...758L..23L},
  adsnote = {Provided by the SAO/NASA Astrophysics Data System}
}

@ARTICLE{Vera-Ciro2013,
   author = {{Vera-Ciro}, C. and {Helmi}, A.},
    title = "{Constraints on the Shape of the Milky Way Dark Matter Halo from the Sagittarius Stream}",
  journal = {APJL},
archivePrefix = "arXiv",
   eprint = {1304.4646},
 keywords = {galaxies: dwarf, galaxies: interactions, Galaxy: halo, Local Group },
     year = 2013,
    month = aug,
   volume = 773,
      eid = {L4},
    pages = {L4},
      doi = {10.1088/2041-8205/773/1/L4},
   adsurl = {http://adsabs.harvard.edu/abs/2013ApJ...773L...4V},
  adsnote = {Provided by the SAO/NASA Astrophysics Data System}
}


@ARTICLE{Deg2012,
   author = {{Deg}, N. and {Widrow}, L.},
    title = "{The Sagittarius stream and halo triaxiality}",
  journal = {MNRAS},
archivePrefix = "arXiv",
   eprint = {1209.6614},
 keywords = {Galaxy: halo, Galaxy: kinematics and dynamics, Galaxy: structure},
     year = 2013,
    month = jan,
   volume = 428,
    pages = {912-922},
      doi = {10.1093/mnras/sts089},
   adsurl = {http://adsabs.harvard.edu/abs/2013MNRAS.428..912D},
  adsnote = {Provided by the SAO/NASA Astrophysics Data System}
}

@ARTICLE{LawMajewski2010,
   author = {{Law}, D.~R. and {Majewski}, S.~R.},
    title = "{The Sagittarius Dwarf Galaxy: A Model for Evolution in a Triaxial Milky Way Halo}",
  journal = {APJ},
archivePrefix = "arXiv",
   eprint = {1003.1132},
 keywords = {dark matter, galaxies: individual: Sagittarius, Galaxy: kinematics and dynamics, Galaxy: structure},
     year = 2010,
    month = may,
   volume = 714,
    pages = {229-254},
      doi = {10.1088/0004-637X/714/1/229},
   adsurl = {http://adsabs.harvard.edu/abs/2010ApJ...714..229L},
  adsnote = {Provided by the SAO/NASA Astrophysics Data System}
}

@ARTICLE{aquarius,
   author = {{Springel}, V. and {Wang}, J. and {Vogelsberger}, M. and {Ludlow}, A. and 
	{Jenkins}, A. and {Helmi}, A. and {Navarro}, J.~F. and {Frenk}, C.~S. and 
	{White}, S.~D.~M.},
    title = "{The Aquarius Project: the subhaloes of galactic haloes}",
  journal = {MNRAS},
archivePrefix = "arXiv",
   eprint = {0809.0898},
 keywords = {methods: numerical , dark matter},
     year = 2008,
    month = dec,
   volume = 391,
    pages = {1685-1711},
      doi = {10.1111/j.1365-2966.2008.14066.x},
   adsurl = {http://adsabs.harvard.edu/abs/2008MNRAS.391.1685S},
  adsnote = {Provided by the SAO/NASA Astrophysics Data System}
}

@ARTICLE{AURIGA,
   author = {{Grand}, R.~J.~J. and {G{\'o}mez}, F.~A. and {Marinacci}, F. and 
	{Pakmor}, R. and {Springel}, V. and {Campbell}, D.~J.~R. and 
	{Frenk}, C.~S. and {Jenkins}, A. and {White}, S.~D.~M.},
    title = "{The Auriga Project: the properties and formation mechanisms of disc galaxies across cosmic time}",
  journal = {MNRAS},
archivePrefix = "arXiv",
   eprint = {1610.01159},
 keywords = {galaxies: evolution, galaxies: kinematics and dynamics, galaxies: spiral, galaxies: structure},
     year = 2017,
    month = may,
   volume = 467,
    pages = {179-207},
      doi = {10.1093/mnras/stx071},
   adsurl = {http://adsabs.harvard.edu/abs/2017MNRAS.467..179G},
  adsnote = {Provided by the SAO/NASA Astrophysics Data System}
}

@article{Bryan2012,
author = {Bryan, S. E. and Kay, S. T. and Duffy, A. R. and Schaye, J. and Vecchia, C. Dalla and Booth, C. M.},
title = {The impact of baryons on the spins and shapes of dark matter haloes},
journal = {MNRAS},
volume = {429},
number = {4},
pages = {3316-3329},
year = {2013},
doi = {10.1093/mnras/sts587},
URL = { + http://dx.doi.org/10.1093/mnras/sts587},
eprint = {/oup/backfile/content_public/journal/mnras/429/4/10.1093/mnras/sts587/2/sts587.pdf}
}

@ARTICLE{arepo,
   author = {{Springel}, V.},
    title = "{E pur si muove: Galilean-invariant cosmological hydrodynamical simulations on a moving mesh}",
  journal = {MNRAS},
archivePrefix = "arXiv",
   eprint = {0901.4107},
 keywords = {methods: numerical, galaxies: interactions, cosmology: dark matter},
     year = 2010,
    month = jan,
   volume = 401,
    pages = {791-851},
      doi = {10.1111/j.1365-2966.2009.15715.x},
   adsurl = {http://adsabs.harvard.edu/abs/2010MNRAS.401..791S},
  adsnote = {Provided by the SAO/NASA Astrophysics Data System}
}


@ARTICLE{Vera-Ciro2011,
   author = {{Vera-Ciro}, C.~A. and {Sales}, L.~V. and {Helmi}, A. and {Frenk}, C.~S. and 
	{Navarro}, J.~F. and {Springel}, V. and {Vogelsberger}, M. and 
	{White}, S.~D.~M.},
    title = "{The shape of dark matter haloes in the Aquarius simulations: evolution and memory}",
  journal = {MNRAS},
archivePrefix = "arXiv",
   eprint = {1104.1566},
 keywords = {galaxies: evolution, galaxies: formation, galaxies: haloes, dark matter},
     year = 2011,
    month = sep,
   volume = 416,
    pages = {1377-1391},
      doi = {10.1111/j.1365-2966.2011.19134.x},
   adsurl = {http://adsabs.harvard.edu/abs/2011MNRAS.416.1377V},
  adsnote = {Provided by the SAO/NASA Astrophysics Data System}
}







