@ARTICLE{Navarro et al. 1997,
   author = {{Navarro}, J.~F. and {Frenk}, C.~S. and {White}, S.~D.~M.},
    title = "{A Universal Density Profile from Hierarchical Clustering}",
  journal = {APJ},
   eprint = {astro-ph/9611107},
 keywords = {Cosmology: Theory, Cosmology: Dark Matter, Galaxies: Halos, Methods: Numerical},
     year = 1997,
    month = dec,
   volume = 490,
    pages = {493-508},
      doi = {10.1086/304888},
   adsurl = {http://adsabs.harvard.edu/abs/1997ApJ...490..493N},
  adsnote = {Provided by the SAO/NASA Astrophysics Data System}
}
@ARTICLE{Allgood et al. 2006,
   author = {{Allgood}, B. and {Flores}, R.~A. and {Primack}, J.~R. and {Kravtsov}, A.~V. and 
	{Wechsler}, R.~H. and {Faltenbacher}, A. and {Bullock}, J.~S.
	},
    title = "{The shape of dark matter haloes: dependence on mass, redshift, radius and formation}",
  journal = {MNRAS},
   eprint = {astro-ph/0508497},
 keywords = {galaxies: formation, galaxies: haloes, cosmology: theory, large-scale structure of Universe},
     year = 2006,
    month = apr,
   volume = 367,
    pages = {1781-1796},
      doi = {10.1111/j.1365-2966.2006.10094.x},
   adsurl = {http://adsabs.harvard.edu/abs/2006MNRAS.367.1781A},
  adsnote = {Provided by the SAO/NASA Astrophysics Data System}
}
@article{van der Marel 1991,
author = {van der Marel, Roeland P.},
title = {Flattening and kinematics of the galactic halo},
journal = {Monthly Notices of the Royal Astronomical Society},
volume = {248},
number = {3},
pages = {515-522},
year = {1991},
doi = {10.1093/mnras/248.3.515},
URL = { + http://dx.doi.org/10.1093/mnras/248.3.515},
eprint = {/oup/backfile/content_public/journal/mnras/248/3/10.1093/mnras/248.3.515/2/mnras248-0515.pdf}
}

@ARTICLE{Loebman et al. 2012,
   author = {{Loebman}, S.R. and {Ivezi{c}}, {v Z}. and {Quinn}, T.R. and 
	{Governato}, F. and {Brooks}, A.M. and {Christensen}, C.R. and 
	{Juri{c}}, M.},
    title = "{Constraints on the Shape of the Milky Way Dark Matter Halo from Jeans Equations Applied to Sloan Digital Sky Survey Data}",
  journal = {APJL},
archivePrefix = "arXiv",
   eprint = {1209.2708},
 keywords = {Galaxy: general, Galaxy: halo, Galaxy: kinematics and dynamics, Galaxy: structure, stars: kinematics and dynamics, stars: statistics},
     year = 2012,
    month = oct,
   volume = 758,
      eid = {L23},
    pages = {L23},
      doi = {10.1088/2041-8205/758/1/L23},
   adsurl = {http://adsabs.harvard.edu/abs/2012ApJ...758L..23L},
  adsnote = {Provided by the SAO/NASA Astrophysics Data System}
}

@ARTICLE{Vera-Ciro & Helmi 2013,
   author = {{Vera-Ciro}, C. and {Helmi}, A.},
    title = "{Constraints on the Shape of the Milky Way Dark Matter Halo from the Sagittarius Stream}",
  journal = {APJL},
archivePrefix = "arXiv",
   eprint = {1304.4646},
 keywords = {galaxies: dwarf, galaxies: interactions, Galaxy: halo, Local Group },
     year = 2013,
    month = aug,
   volume = 773,
      eid = {L4},
    pages = {L4},
      doi = {10.1088/2041-8205/773/1/L4},
   adsurl = {http://adsabs.harvard.edu/abs/2013ApJ...773L...4V},
  adsnote = {Provided by the SAO/NASA Astrophysics Data System}
}


@ARTICLE{Deg \& Lawrence 2013,
   author = {{Deg}, Nathan and {Widrow}, Lawrence},
    title = "{The Sagittarius stream and halo triaxiality}",
  journal = {MNRAS},
archivePrefix = "arXiv",
   eprint = {1209.6614},
 keywords = {Galaxy: halo, Galaxy: kinematics and dynamics, Galaxy: structure},
     year = 2013,
    month = jan,
   volume = 428,
    pages = {912-922},
      doi = {10.1093/mnras/sts089},
   adsurl = {http://adsabs.harvard.edu/abs/2013MNRAS.428..912D},
  adsnote = {Provided by the SAO/NASA Astrophysics Data System}
}

@article{Miyamoto \& Nagai 1975,
  title={Three-dimensional models for the distribution of mass in galaxies},
  author={Miyamoto, Masanori and Nagai, Ryuzaburo},
  journal={Publications of the Astronomical Society of Japan},
  volume={27},
  pages={533--543},
  year={1975}
}

@article{Debattista et al. 2008,
  title={The causes of halo shape changes induced by cooling baryons: disks versus substructures},
  author={Debattista, Victor P and Moore, Ben and Quinn, Thomas and Kazantzidis, Stelios and Maas, Ryan and Mayer, Lucio and Read, Justin and Stadel, Joachim},
  journal={The Astrophysical Journal},
  volume={681},
  number={2},
  pages={1076},
  year={2008},
  publisher={IOP Publishing}
}



@article{Ostriker \& Peebles 1973,
  title={A numerical study of the stability of flattened galaxies: or, can cold galaxies survive?},
  author={Ostriker, Jeremiah Paul and Peebles, Philip JE},
  journal={The Astrophysical Journal},
  volume={186},
  pages={467--480},
  year={1973}
}

@ARTICLE{Toomre \& Toomre 1972,
   author = {{Toomre}, A. and {Toomre}, J.},
    title = "{Galactic Bridges and Tails}",
  journal = {\apj},
     year = 1972,
    month = dec,
   volume = 178,
    pages = {623-666},
      doi = {10.1086/151823},
   adsurl = {http://adsabs.harvard.edu/abs/1972ApJ...178..623T},
  adsnote = {Provided by the SAO/NASA Astrophysics Data System}
}


@article{Barnes \& Hut 1986,
  title={A hierarchical O (N log N) force-calculation algorithm},
  author={Barnes, Josh and Hut, Piet},
  journal={nature},
  volume={324},
  number={6096},
  pages={446},
  year={1986},
  publisher={Nature Publishing Group}
}

@article{Berger \& Colella 1989,
  title={Local adaptive mesh refinement for shock hydrodynamics},
  author={Berger, Marsha J and Colella, Phillip},
  journal={Journal of computational Physics},
  volume={82},
  number={1},
  pages={64--84},
  year={1989},
  publisher={Elsevier}
}


@ARTICLE{Lemson et al. 2006,
   author = {{Lemson}, G. and {Virgo Consortium}, t.},
    title = "{Halo and Galaxy Formation Histories from the Millennium Simulation: Public release of a VO-oriented and SQL-queryable database for studying the evolution of galaxies in the LambdaCDM cosmogony}",
  journal = {ArXiv Astrophysics e-prints},
   eprint = {astro-ph/0608019},
 keywords = {Astrophysics},
     year = 2006,
    month = aug,
   adsurl = {http://adsabs.harvard.edu/abs/2006astro.ph..8019L},
  adsnote = {Provided by the SAO/NASA Astrophysics Data System}
}






@ARTICLE{Miller et al. 1970,
   author = {{Miller}, R.~H. and {Prendergast}, K.~H. and {Quirk}, W.~J.},
    title = "{Numerical Experiments on Spiral Structure}",
  journal = {\apj},
     year = 1970,
    month = sep,
   volume = 161,
    pages = {903},
      doi = {10.1086/150593},
   adsurl = {http://adsabs.harvard.edu/abs/1970ApJ...161..903M},
  adsnote = {Provided by the SAO/NASA Astrophysics Data System}
}



@article{Hohl \& Hockney 1969,
  title={A computer model of disks of stars},
  author={Hohl, Frank and Hockney, RW},
  journal={Journal of Computational Physics},
  volume={4},
  number={3},
  pages={306--324},
  year={1969},
  publisher={Elsevier}
}



@ARTICLE{Miller \& Prendergast 1968,
   author = {{Miller}, R.~H. and {Prendergast}, K.~H.},
    title = "{Stellar Dynamics in a Discrete Phase Space}",
  journal = {\apj},
     year = 1968,
    month = feb,
   volume = 151,
    pages = {699},
      doi = {10.1086/149469},
   adsurl = {http://adsabs.harvard.edu/abs/1968ApJ...151..699M},
  adsnote = {Provided by the SAO/NASA Astrophysics Data System}
}



@INPROCEEDINGS{Hohl 1975,
   author = {{Hohl}, F.},
    title = "{N-Body Simulations of Disks (invited Paper)}",
booktitle = {Dynamics of the Solar Systems},
     year = 1975,
   series = {IAU Symposium},
   volume = 69,
   editor = {{Hayli}, A.},
    pages = {349},
   adsurl = {http://adsabs.harvard.edu/abs/1975IAUS...69..349H},
  adsnote = {Provided by the SAO/NASA Astrophysics Data System}
}



@article{Law \& Majewski 2009,
  title={Evidence for a triaxial Milky Way dark matter halo from the Sagittarius stellar tidal stream},
  author={Law, David R and Majewski, Steven R and Johnston, Kathryn V},
  journal={The Astrophysical Journal Letters},
  volume={703},
  number={1},
  pages={L67},
  year={2009},
  publisher={IOP Publishing}
}
@ARTICLE{Law \& Majewski 2010,
   author = {{Law}, D.~R. and {Majewski}, S.~R.},
    title = "{The Sagittarius Dwarf Galaxy: A Model for Evolution in a Triaxial Milky Way Halo}",
  journal = {APJ},
archivePrefix = "arXiv",
   eprint = {1003.1132},
 keywords = {dark matter, galaxies: individual: Sagittarius, Galaxy: kinematics and dynamics, Galaxy: structure},
     year = 2010,
    month = may,
   volume = 714,
    pages = {229-254},
      doi = {10.1088/0004-637X/714/1/229},
   adsurl = {http://adsabs.harvard.edu/abs/2010ApJ...714..229L},
  adsnote = {Provided by the SAO/NASA Astrophysics Data System}
}

@ARTICLE{aquarius,
   author = {{Springel}, V. and {Wang}, J. and {Vogelsberger}, M. and {Ludlow}, A. and 
	{Jenkins}, A. and {Helmi}, A. and {Navarro}, J.~F. and {Frenk}, C.~S. and 
	{White}, S.~D.~M.},
    title = "{The Aquarius Project: the subhaloes of galactic haloes}",
  journal = {MNRAS},
archivePrefix = "arXiv",
   eprint = {0809.0898},
 keywords = {methods: numerical , dark matter},
     year = 2008,
    month = dec,
   volume = 391,
    pages = {1685-1711},
      doi = {10.1111/j.1365-2966.2008.14066.x},
   adsurl = {http://adsabs.harvard.edu/abs/2008MNRAS.391.1685S},
  adsnote = {Provided by the SAO/NASA Astrophysics Data System}
}

@ARTICLE{auriga,
   author = {{Grand}, R.~J.~J. and {G{o}mez}, F.~A. and {Marinacci}, F. and 
	{Pakmor}, R. and {Springel}, V. and {Campbell}, D.~J.~R. and 
	{Frenk}, C.~S. and {Jenkins}, A. and {White}, S.~D.~M.},
    title = "{The Auriga Project: the properties and formation mechanisms of disc galaxies across cosmic time}",
  journal = {MNRAS},
archivePrefix = "arXiv",
   eprint = {1610.01159},
 keywords = {galaxies: evolution, galaxies: kinematics and dynamics, galaxies: spiral, galaxies: structure},
     year = 2017,
    month = may,
   volume = 467,
    pages = {179-207},
      doi = {10.1093/mnras/stx071},
   adsurl = {http://adsabs.harvard.edu/abs/2017MNRAS.467..179G},
  adsnote = {Provided by the SAO/NASA Astrophysics Data System}
}

@article{Bryan2012,
author = {Bryan, S. E. and Kay, S. T. and Duffy, A. R. and Schaye, J. and Vecchia, C. Dalla and Booth, C. M.},
title = {The impact of baryons on the spins and shapes of dark matter haloes},
journal = {MNRAS},
volume = {429},
number = {4},
pages = {3316-3329},
year = {2013},
doi = {10.1093/mnras/sts587},
URL = { + http://dx.doi.org/10.1093/mnras/sts587},
eprint = {/oup/backfile/content_public/journal/mnras/429/4/10.1093/mnras/sts587/2/sts587.pdf}
}

@ARTICLE{arepo,
   author = {{Springel}, V.},
    title = "{E pur si muove: Galilean-invariant cosmological hydrodynamical simulations on a moving mesh}",
  journal = {MNRAS},
archivePrefix = "arXiv",
   eprint = {0901.4107},
 keywords = {methods: numerical, galaxies: interactions, cosmology: dark matter},
     year = 2010,
    month = jan,
   volume = 401,
    pages = {791-851},
      doi = {10.1111/j.1365-2966.2009.15715.x},
   adsurl = {http://adsabs.harvard.edu/abs/2010MNRAS.401..791S},
  adsnote = {Provided by the SAO/NASA Astrophysics Data System}
}


@ARTICLE{Vera-Ciro2011,
   author = {{Vera-Ciro}, C.A. and {Sales}, L.V. and {Helmi}, A. and {Frenk}, C.S. and 
	{Navarro}, J.F. and {Springel}, V. and {Vogelsberger}, M. and 
	{White}, S.D.M.},
    title = "{The shape of dark matter haloes in the Aquarius simulations: evolution and memory}",
  journal = {MNRAS},
archivePrefix = "arXiv",
   eprint = {1104.1566},
 keywords = {galaxies: evolution, galaxies: formation, galaxies: haloes, dark matter},
     year = 2011,
    month = sep,
   volume = 416,
    pages = {1377-1391},
      doi = {10.1111/j.1365-2966.2011.19134.x},
   adsurl = {http://adsabs.harvard.edu/abs/2011MNRAS.416.1377V},
  adsnote = {Provided by the SAO/NASA Astrophysics Data System}
}


@ARTICLE{Illustris1,
   author = {{Vogelsberger}, M. and {Genel}, S. and {Springel}, V. and {Torrey}, P. and 
	{Sijacki}, D. and {Xu}, D. and {Snyder}, G. and {Bird}, S. and 
	{Nelson}, D. and {Hernquist}, L.},
    title = "{Properties of galaxies reproduced by a hydrodynamic simulation}",
  journal = {Nature},
archivePrefix = "arXiv",
   eprint = {1405.1418},
     year = 2014,
    month = may,
   volume = 509,
    pages = {177-182},
      doi = {10.1038/nature13316},
   adsurl = {http://adsabs.harvard.edu/abs/2014Natur.509..177V},
  adsnote = {Provided by the SAO/NASA Astrophysics Data System}
}


@ARTICLE{Illustris2,
   author = {{Vogelsberger}, M. and {Genel}, S. and {Springel}, V. and {Torrey}, P. and 
	{Sijacki}, D. and {Xu}, D. and {Snyder}, G. and {Nelson}, D. and 
	{Hernquist}, L.},
    title = "{Introducing the Illustris Project: simulating the coevolution of dark and visible matter in the Universe}",
  journal = {MNRAS},
archivePrefix = "arXiv",
   eprint = {1405.2921},
 keywords = {methods: numerical, cosmology: theory},
     year = 2014,
    month = oct,
   volume = 444,
    pages = {1518-1547},
      doi = {10.1093/mnras/stu1536},
   adsurl = {http://adsabs.harvard.edu/abs/2014MNRAS.444.1518V},
  adsnote = {Provided by the SAO/NASA Astrophysics Data System}
}

@article{Read et al. 2008,
author = {Read, J. I. and Lake, G. and Agertz, O. and Debattista, Victor P.},
title = {Thin, thick and dark discs in ΛCDM},
journal = {MNRAS},
volume = {389},
number = {3},
pages = {1041-1057},
year = {2008},
doi = {10.1111/j.1365-2966.2008.13643.x},
URL = { + http://dx.doi.org/10.1111/j.1365-2966.2008.13643.x},
eprint = {/oup/backfile/content_public/journal/mnras/389/3/10.1111/j.1365-2966.2008.13643.x/2/mnras0389-1041.pdf}
}

@ARTICLE{Read et al. 2009,
   author = {{Read}, J.I. and {Mayer}, L. and {Brooks}, A.M. and {Governato}, F. and 
	{Lake}, G.},
    title = "{A dark matter disc in three cosmological simulations of Milky Way mass galaxies}",
  journal = {MNRAS},
archivePrefix = "arXiv",
   eprint = {0902.0009},
 keywords = {dark matter},
     year = 2009,
    month = jul,
   volume = 397,
    pages = {44-51},
      doi = {10.1111/j.1365-2966.2009.14757.x},
   adsurl = {http://adsabs.harvard.edu/abs/2009MNRAS.397...44R},
  adsnote = {Provided by the SAO/NASA Astrophysics Data System}
}


@ARTICLE{Nipoti et al. 2007,
   author = {{Nipoti}, C. and {Londrillo}, P. and {Zhao}, H. and {Ciotti}, L.},
    title = "{Vertical dynamics of disc galaxies in modified Newtonian dynamics}",
  journal = {MNRAS},
archivePrefix = "arXiv",
   eprint = {0704.0740},
 keywords = {gravitation, stellar dynamics, galaxies: kinematics and dynamics},
     year = 2007,
    month = aug,
   volume = 379,
    pages = {597-604},
      doi = {10.1111/j.1365-2966.2007.11835.x},
   adsurl = {http://adsabs.harvard.edu/abs/2007MNRAS.379..597N},
  adsnote = {Provided by the SAO/NASA Astrophysics Data System}
}

@article{Read \& Moore 2005,
author = {Read, J. I. and Moore, Ben},
title = {Tidal streams in a MOND potential: constraints from Sagittarius},
journal = {MNRAS},
volume = {361},
number = {3},
pages = {971-976},
year = {2005},
doi = {10.1111/j.1365-2966.2005.09232.x},
URL = { + http://dx.doi.org/10.1111/j.1365-2966.2005.09232.x},
eprint = {/oup/backfile/content_public/journal/mnras/361/3/10.1111/j.1365-2966.2005.09232.x/2/361-3-971.pdf}
}



@ARTICLE{Jeans 1915,
   author = {{Jeans}, J.~H.},
    title = "{On the theory of star-streaming and the structure of the universe}",
  journal = {\mnras},
     year = 1915,
    month = dec,
   volume = 76,
    pages = {70-84},
      doi = {10.1093/mnras/76.2.70},
   adsurl = {http://adsabs.harvard.edu/abs/1915MNRAS..76...70J},
  adsnote = {Provided by the SAO/NASA Astrophysics Data System}
}


@ARTICLE{Navarro et al. 1996,
   author = {{Navarro}, J.~F. and {Frenk}, C.~S. and {White}, S.~D.~M.},
    title = "{The Structure of Cold Dark Matter Halos}",
  journal = {\apj},
   eprint = {astro-ph/9508025},
 keywords = {COSMOLOGY: THEORY, COSMOLOGY: DARK MATTER, GALAXIES: HALOS, METHODS: NUMERICAL},
     year = 1996,
    month = may,
   volume = 462,
    pages = {563},
      doi = {10.1086/177173},
   adsurl = {http://adsabs.harvard.edu/abs/1996ApJ...462..563N},
  adsnote = {Provided by the SAO/NASA Astrophysics Data System}
}

@article{Navarro et al. 2010,
  title={The diversity and similarity of simulated cold dark matter haloes},
  author={Navarro, Julio F and Ludlow, Aaron and Springel, Volker and Wang, Jie and Vogelsberger, Mark and White, Simon DM and Jenkins, Adrian and Frenk, Carlos S and Helmi, Amina},
  journal={Monthly Notices of the Royal Astronomical Society},
  volume={402},
  number={1},
  pages={21--34},
  year={2010},
  publisher={The Royal Astronomical Society}
}

@article{Power et al. 2003,
  title={The inner structure of $\Lambda$CDM haloes—I. A numerical convergence study},
  author={Power, Chris and Navarro, JF and Jenkins, A and Frenk, CS and White, Simon DM and Springel, V and Stadel, J and Quinn, T},
  journal={Monthly Notices of the Royal Astronomical Society},
  volume={338},
  number={1},
  pages={14--34},
  year={2003},
  publisher={Blackwell Science Ltd Oxford, UK}
}

@article{Gunn \& Gott 1972,
  title={On the infall of matter into clusters of galaxies and some effects on their evolution},
  author={Gunn, James E and Gott III, J Richard},
  journal={The Astrophysical Journal},
  volume={176},
  pages={1},
  year={1972}
}


@ARTICLE{White \& Zaritsky 1992,
   author = {{White}, S.~D.~M. and {Zaritsky}, D.},
    title = "{Models for Galaxy halos in an open universe}",
  journal = {\apj},
 keywords = {Astronomical Models, Halos, Interacting Galaxies, Spiral Galaxies, Universe, Computational Astrophysics, Galactic Mass, Galactic Structure},
     year = 1992,
    month = jul,
   volume = 394,
    pages = {1-6},
      doi = {10.1086/171552},
   adsurl = {http://adsabs.harvard.edu/abs/1992ApJ...394....1W},
  adsnote = {Provided by the SAO/NASA Astrophysics Data System}
}








@ARTICLE{prove,
   author = {{Ludlow}, A.~D. and {Ben{{\i}}tez-Llambay}, A. and {Schaller}, M. and 
	{Theuns}, T. and {Frenk}, C.~S. and {Bower}, R. and {Schaye}, J. and 
	{Crain}, R.~A. and {Navarro}, J.~F. and {Fattahi}, A. and {Oman}, K.~A.
	},
    title = "{Mass-Discrepancy Acceleration Relation: A Natural Outcome of Galaxy Formation in Cold Dark Matter Halos}",
  journal = {Physical Review Letters},
archivePrefix = "arXiv",
   eprint = {1610.07663},
     year = 2017,
    month = apr,
   volume = 118,
   number = 16,
      eid = {161103},
    pages = {161103},
      doi = {10.1103/PhysRevLett.118.161103},
   adsurl = {http://adsabs.harvard.edu/abs/2017PhRvL.118p1103L},
  adsnote = {Provided by the SAO/NASA Astrophysics Data System}
}


@ARTICLE{Bardeen 1986,
   author = {{Bardeen}, J.~M. and {Bond}, J.~R. and {Kaiser}, N. and {Szalay}, A.~S.
	},
    title = "{The statistics of peaks of Gaussian random fields}",
  journal = {APJ},
 keywords = {Cosmology, Density Distribution, Galactic Clusters, Galactic Evolution, Random Processes, Statistical Analysis, Density (Number/Volume), Mass Distribution, Mass To Light Ratios, Maxima, Missing Mass (Astrophysics), Probability Distribution Functions, Red Shift, Statistical Correlation, Velocity Distribution},
     year = 1986,
    month = may,
   volume = 304,
    pages = {15-61},
      doi = {10.1086/164143},
   adsurl = {http://adsabs.harvard.edu/abs/1986ApJ...304...15B},
  adsnote = {Provided by the SAO/NASA Astrophysics Data System}
}


@ARTICLE{Zwicky 1937,
   author = {{Zwicky}, F.},
    title = "{On the Masses of Nebulae and of Clusters of Nebulae}",
  journal = {\apj},
     year = 1937,
    month = oct,
   volume = 86,
    pages = {217},
      doi = {10.1086/143864},
   adsurl = {http://adsabs.harvard.edu/abs/1937ApJ....86..217Z},
  adsnote = {Provided by the SAO/NASA Astrophysics Data System}
}

@ARTICLE{Rubin et al. 1980,
   author = {{Rubin}, V.~C. and {Ford}, Jr., W.~K. and {Thonnard}, N.},
    title = "{Rotational properties of 21 SC galaxies with a large range of luminosities and radii, from NGC 4605 /R = 4kpc/ to UGC 2885 /R = 122 kpc/}",
  journal = {\apj},
 keywords = {Astronomical Spectroscopy, Galactic Evolution, Galactic Rotation, Galaxies, Stellar Luminosity, Dynamic Characteristics, Galactic Nuclei, Morphology, Radial Velocity, Radii},
     year = 1980,
    month = jun,
   volume = 238,
    pages = {471-487},
      doi = {10.1086/158003},
   adsurl = {http://adsabs.harvard.edu/abs/1980ApJ...238..471R},
  adsnote = {Provided by the SAO/NASA Astrophysics Data System}
}


@ARTICLE{Faber \& Gallagher 1979,
   author = {{Faber}, S.~M. and {Gallagher}, J.~S.},
    title = "{Masses and mass-to-light ratios of galaxies}",
  journal = {\araa},
 keywords = {Galactic Clusters, Light Curve, Mass To Light Ratios, Spiral Galaxies, Disk Galaxies, Dynamic Response, Galactic Structure, Group Theory, Mass Distribution, Milky Way Galaxy, Missing Mass (Astrophysics), Stellar Luminosity, Stellar Mass Ejection},
     year = 1979,
   volume = 17,
    pages = {135-187},
      doi = {10.1146/annurev.aa.17.090179.001031},
   adsurl = {http://adsabs.harvard.edu/abs/1979ARA%26A..17..135F},
  adsnote = {Provided by the SAO/NASA Astrophysics Data System}
}


@ARTICLE{Kent 1987,
   author = {{Kent}, S.~M.},
    title = "{Dark matter in spiral galaxies. II - Galaxies with H I rotation curves}",
  journal = {\aj},
 keywords = {Angular Velocity, Brightness Distribution, Dark Matter, Hydrogen Clouds, Mass Distribution, Spiral Galaxies, Astronomical Models, Galactic Structure, Mass To Light Ratios, Star Distribution},
     year = 1987,
    month = apr,
   volume = 93,
    pages = {816-832},
      doi = {10.1086/114366},
   adsurl = {http://adsabs.harvard.edu/abs/1987AJ.....93..816K},
  adsnote = {Provided by the SAO/NASA Astrophysics Data System}
}


@ARTICLE{Persic et al. 1996,
   author = {{Persic}, M. and {Salucci}, P. and {Stel}, F.},
    title = "{The universal rotation curve of spiral galaxies - I. The dark matter connection}",
  journal = {\mnras},
   eprint = {astro-ph/9506004},
 keywords = {GALAXIES: KINEMATICS AND DYNAMICS, GALAXIES: SPIRAL, GALAXIES: STRUCTURE, DARK MATTER},
     year = 1996,
    month = jul,
   volume = 281,
    pages = {27-47},
      doi = {10.1093/mnras/281.1.27},
   adsurl = {http://adsabs.harvard.edu/abs/1996MNRAS.281...27P},
  adsnote = {Provided by the SAO/NASA Astrophysics Data System}
}


@ARTICLE{Walsh et al. 1979,
   author = {{Walsh}, D. and {Carswell}, R.~F. and {Weymann}, R.~J.},
    title = "{0957 + 561 A, B - Twin quasistellar objects or gravitational lens}",
  journal = {\nat},
 keywords = {Emission Spectra, Gravitational Lenses, Quasars, Stellar Spectra, Absorption Spectra, Radio Spectroscopy, Spectrum Analysis},
     year = 1979,
    month = may,
   volume = 279,
    pages = {381-384},
      doi = {10.1038/279381a0},
   adsurl = {http://adsabs.harvard.edu/abs/1979Natur.279..381W},
  adsnote = {Provided by the SAO/NASA Astrophysics Data System}
}

@ARTICLE{Kaiser \& Squires,
   author = {{Kaiser}, N. and {Squires}, G.},
    title = "{Mapping the dark matter with weak gravitational lensing}",
  journal = {\apj},
 keywords = {Cosmology, Dark Matter, Galactic Clusters, Gravitational Lenses, Ellipticity, Galactic Mass, Mass Distribution},
     year = 1993,
    month = feb,
   volume = 404,
    pages = {441-450},
      doi = {10.1086/172297},
   adsurl = {http://adsabs.harvard.edu/abs/1993ApJ...404..441K},
  adsnote = {Provided by the SAO/NASA Astrophysics Data System}
}


@ARTICLE{Wittman et al. 2000,
   author = {{Wittman}, D.~M. and {Tyson}, J.~A. and {Kirkman}, D. and {Dell'Antonio}, I. and 
	{Bernstein}, G.},
    title = "{Detection of weak gravitational lensing distortions of distant galaxies by cosmic dark matter at large scales}",
  journal = {\nat},
   eprint = {astro-ph/0003014},
     year = 2000,
    month = may,
   volume = 405,
    pages = {143-148},
      doi = {10.1038/35012001},
   adsurl = {http://adsabs.harvard.edu/abs/2000Natur.405..143W},
  adsnote = {Provided by the SAO/NASA Astrophysics Data System}
}

@ARTICLE{Clowe et al. 2006,
   author = {{Clowe}, D. and {Brada{\v c}}, M. and {Gonzalez}, A.~H. and 
	{Markevitch}, M. and {Randall}, S.~W. and {Jones}, C. and {Zaritsky}, D.
	},
    title = "{A Direct Empirical Proof of the Existence of Dark Matter}",
  journal = {\apjl},
   eprint = {astro-ph/0608407},
 keywords = {Cosmology: Dark Matter, galaxies: clusters: individual (1E 0657-558), Cosmology: Gravitational Lensing},
     year = 2006,
    month = sep,
   volume = 648,
    pages = {L109-L113},
      doi = {10.1086/508162},
   adsurl = {http://adsabs.harvard.edu/abs/2006ApJ...648L.109C},
  adsnote = {Provided by the SAO/NASA Astrophysics Data System}
}

@article{Blumenthal et al. 1984,
  title={Formation of galaxies and large-scale structure with cold dark matter},
  author={Blumenthal, George R and Faber, SM and Primack, Joel R and Rees, Martin J},
  journal={Nature},
  volume={311},
  number={5986},
  pages={517},
  year={1984},
  publisher={Nature Publishing Group}
}
@article{Planck Collaboration 2016,
  title={Planck 2015 results-xiii. cosmological parameters},
  author={Ade, Peter AR and Aghanim, N and Arnaud, M and Ashdown, M and Aumont, J and Baccigalupi, C and Banday, AJ and Barreiro, RB and Bartlett, JG and Bartolo, N and others},
  journal={Astronomy \& Astrophysics},
  volume={594},
  pages={A13},
  year={2016},
  publisher={EDP Sciences}
}

@article{Planck Collaboration 2014,
  title={Planck 2013 results. XVI. Cosmological parameters},
  author={Ade, Peter AR and Aghanim, N and Armitage-Caplan, C and Arnaud, M and Ashdown, M and Atrio-Barandela, F and Aumont, J and Baccigalupi, C and Banday, Anthony J and Barreiro, RB and others},
  journal={Astronomy \& Astrophysics},
  volume={571},
  pages={A16},
  year={2014},
  publisher={EDP Sciences}
}

@article{WMAP 2003,
  title={First-year Wilkinson Microwave Anisotropy Probe (WMAP)* observations: determination of cosmological parameters},
  author={Spergel, David N and Verde, Licia and Peiris, Hiranya V and Komatsu, E and Nolta, MR and Bennett, CL and Halpern, M and Hinshaw, G and Jarosik, N and Kogut, A and others},
  journal={The Astrophysical Journal Supplement Series},
  volume={148},
  number={1},
  pages={175},
  year={2003},
  publisher={IOP Publishing}
}

@article{WMAP 2013,
  title={Nine-year Wilkinson Microwave Anisotropy Probe (WMAP) observations: cosmological parameter results},
  author={Hinshaw, Gary and Larson, D and Komatsu, Eiichiro and Spergel, DN and Bennett, CLaa and Dunkley, J and Nolta, MR and Halpern, M and Hill, RS and Odegard, N and others},
  journal={The Astrophysical Journal Supplement Series},
  volume={208},
  number={2},
  pages={19},
  year={2013},
  publisher={IOP Publishing}
}

@article{Milgrom 1983,
  title={A modification of the Newtonian dynamics as a possible alternative to the hidden mass hypothesis},
  author={Milgrom, Mordehai},
  journal={The Astrophysical Journal},
  volume={270},
  pages={365--370},
  year={1983}
}

@article{Sanders \& McGaugh 2002,
  title={Modified Newtonian dynamics as an alternative to dark matter},
  author={Sanders, Robert H and McGaugh, Stacy S},
  journal={Annual Review of Astronomy and Astrophysics},
  volume={40},
  number={1},
  pages={263--317},
  year={2002},
  publisher={Annual Reviews 4139 El Camino Way, PO Box 10139, Palo Alto, CA 94303-0139, USA}
}



@ARTICLE{McGaugh 2012,
   author = {{McGaugh}, Stacy S.},
    title = "{The Baryonic Tully-Fisher Relation of Gas-rich Galaxies as a Test of {$\Lambda$}CDM and MOND}",
  journal = {\aj},
archivePrefix = "arXiv",
   eprint = {1107.2934},
 keywords = {galaxies: dwarf, galaxies: irregular, galaxies: kinematics and dynamics, galaxies: spiral},
     year = 2012,
    month = feb,
   volume = 143,
      eid = {40},
    pages = {40},
      doi = {10.1088/0004-6256/143/2/40},
   adsurl = {http://adsabs.harvard.edu/abs/2012AJ....143...40M},
  adsnote = {Provided by the SAO/NASA Astrophysics Data System}
}

@ARTICLE{McGaugh \& de Blok 1998,
   author = {{McGaugh}, S.~S. and {de Blok}, W.~J.~G.},
    title = "{Testing the Hypothesis of Modified Dynamics with Low Surface Brightness Galaxies and Other Evidence}",
  journal = {\apj},
   eprint = {astro-ph/9801102},
 keywords = {COSMOLOGY: DARK MATTER, GALAXIES: FORMATION, GALAXIES: HALOS, GALAXIES: KINEMATICS AND DYNAMICS, GALAXIES: STRUCTURE, GRAVITATION, Cosmology: Dark Matter, Galaxies: Formation, Galaxies: Halos, Galaxies: Kinematics and Dynamics, Galaxies: Structure, Gravitation},
     year = 1998,
    month = may,
   volume = 499,
    pages = {66-81},
      doi = {10.1086/305629},
   adsurl = {http://adsabs.harvard.edu/abs/1998ApJ...499...66M},
  adsnote = {Provided by the SAO/NASA Astrophysics Data System}
}


@article{Begeman et al. 1991,
  title={Extended rotation curves of spiral galaxies: Dark haloes and modified dynamics},
  author={Begeman, KG and Broeils, AH and Sanders, RH},
  journal={Monthly Notices of the Royal Astronomical Society},
  volume={249},
  number={3},
  pages={523--537},
  year={1991},
  publisher={The Royal Astronomical Society}
}

@ARTICLE{McGaugh 2015,
   author = {{McGaugh}, S.~S.},
    title = "{A tale of two paradigms: the mutual incommensurability of {$\Lambda$}CDM and MOND}",
  journal = {Canadian Journal of Physics},
archivePrefix = "arXiv",
   eprint = {1404.7525},
     year = 2015,
    month = feb,
   volume = 93,
    pages = {250-259},
      doi = {10.1139/cjp-2014-0203},
   adsurl = {http://adsabs.harvard.edu/abs/2015CaJPh..93..250M},
  adsnote = {Provided by the SAO/NASA Astrophysics Data System}
}


@article{Lokas 2002,
  title={Dark matter distribution in dwarf spheroidal galaxies},
  author={{\L}okas, Ewa L},
  journal={Monthly Notices of the Royal Astronomical Society},
  volume={333},
  number={3},
  pages={697--708},
  year={2002},
  publisher={Blackwell Science Ltd Oxford, UK}
}




@article{Clowe et al. 2006,
  title={A direct empirical proof of the existence of dark matter},
  author={Clowe, Douglas and Brada{\v{c}}, Maru{\v{s}}a and Gonzalez, Anthony H and Markevitch, Maxim and Randall, Scott W and Jones, Christine and Zaritsky, Dennis},
  journal={The Astrophysical Journal Letters},
  volume={648},
  number={2},
  pages={L109},
  year={2006},
  publisher={IOP Publishing}
}

@article{Bertone et al. 2005,
  title={Particle dark matter: Evidence, candidates and constraints},
  author={Bertone, Gianfranco and Hooper, Dan and Silk, Joseph},
  journal={Physics Reports},
  volume={405},
  number={5-6},
  pages={279--390},
  year={2005},
  publisher={Elsevier}
}

@article{Bond et al. 1980,
  title={Massive neutrinos and the large-scale structure of the universe},
  author={Bond, J Richard and Efstathiou, George and Silk, Joseph},
  journal={Physical Review Letters},
  volume={45},
  number={24},
  year={1980},
  publisher={APS}
}

@article{Kim 1987,
  title={Light pseudoscalars, particle physics and cosmology},
  author={Kim, Jihn E},
  journal={Physics Reports},
  volume={150},
  number={1-2},
  pages={1--177},
  year={1987},
  publisher={Elsevier}
}


@article{Liddle \& Lith 1993,
  title={The Cold dark matter density perturbation},
  author={Liddle, Andrew R and Lyth, David H},
  journal={Physics Reports},
  volume={231},
  number={1-2},
  pages={1--105},
  year={1993},
  publisher={Elsevier}
}

@article{Schechter 1976,
  title={An analytic expression for the luminosity function for galaxies.},
  author={Schechter, Paul},
  journal={The Astrophysical Journal},
  volume={203},
  pages={297--306},
  year={1976}
}














































































































